@book{segrave2009tipping,
  title={Tipping: An American Social History of Gratuities},
  author={Segrave, K.},
  isbn={9780786442461},
  year={2009},
  publisher={McFarland, Incorporated, Publishers}
}

@book{Logvinenko:2022,
      author        = "Logvinenko, Alexander and Levin, Vladimir",
      title         = "{Foundations of Colour Science: From Colorimetry to Perception}",
      publisher     = "Wiley",
      year          = "2022",
      isbn          = "978-1-119-88591-7",
}

@article{weinberg1976geometry,
  title={The geometry of colors},
  author={Weinberg, Joseph W},
  journal={General relativity and gravitation},
  volume={7},
  number={1},
  pages={135--169},
  year={1976},
  publisher={Springer}
}

@book{Nakahara:206619,
      author        = "Nakahara, Mikio",
      title         = "{Geometry, topology and physics}",
      publisher     = "Hilger",
      address       = "Bristol",
      series        = "Graduate student series in physics",
      year          = "1990",
}



 @misc{klein_2021, 
  title={Transcript: Ezra Klein interviews Céline Gounder}, 
  url={https://www.nytimes.com/2021/08/06/podcasts/transcript-ezra-klein-interviews-celine-gounder.html}, 
  journal={The New York Times}, 
  publisher={The New York Times}, 
  author={Klein, Ezra}, year={2021}, month={Aug}} 

@article{doi:10.1146/annurev.bioeng.3.1.0,
  author = {Howe, Robert D. and Kronauer, Richard E.},
  title = {Thomas McMahon: A Dedication in Memoriam},
  journal = {Annual Review of Biomedical Engineering},
  volume = {3},
  number = {1},
  pages = {xv-xxxix},
  year = {2001},
  doi = {10.1146/annurev.bioeng.3.1.0},
  note ={PMID: 11712277},
  URL = {https://doi.org/10.1146/annurev.bioeng.3.1.0}
}

@article{doi:10.1119/1.4917310,
  author = {Meyer-Vernet,Nicole  and Rospars,Jean-Pierre },
  title = {How fast do living organisms move: Maximum speeds from bacteria to elephants and whales},
  journal = {American Journal of Physics},
  volume = {83},
  number = {8},
  pages = {719-722},
  year = {2015},
  doi = {10.1119/1.4917310},
  URL = {https://doi.org/10.1119/1.4917310}
}

@article{doi:10.1073/pnas.1402289111,
  author = {Patricia J. Yang  and Jonathan Pham  and Jerome Choo  and David L. Hu },
  title = {Duration of urination does not change with body size},
  journal = {Proceedings of the National Academy of Sciences},
  volume = {111},
  number = {33},
  pages = {11932-11937},
  year = {2014},
  doi = {10.1073/pnas.1402289111},
  URL = {https://www.pnas.org/doi/abs/10.1073/pnas.1402289111}
}



@article{doi:10.1119/1.1574042,
  author = {Bohren,Craig F. },
  title = {Dimensional analysis, falling bodies, and the fine art of not solving differential equations},
  journal = {American Journal of Physics},
  volume = {72},
  number = {4},
  pages = {534-537},
  year = {2004},
  doi = {10.1119/1.1574042},
  URL = {https://doi.org/10.1119/1.1574042}
}



@book{Brooks1975,
  author = {Brooks, Frederick P.},
  publisher = {Addison-Wesley},
  title = {The mythical man-month -- Essays on Software-Engineering},
  topics = {Programming/Software Engineering},
  year = 1975
}



@article{Stevenson:1980ga,
    author = "Stevenson, Paul M.",
    title = "{Dimensional Analysis in Field Theory: An Elementary Introduction to Broken Scale Invariance and the Renormalization Group Equations}",
    reportNumber = "COO-881-144",
    doi = "10.1016/0003-4916(81)90072-5",
    journal = "Annals Phys.",
    volume = "132",
    pages = "383",
    year = "1981"
}

@article{doi:10.1119/1.3535586,
  author = {Olness,Fredrick  and Scalise,Randall },
  title = {Regularization, renormalization, and dimensional analysis: Dimensional regularization meets freshman E\&M},
  journal = {American Journal of Physics},
  volume = {79},
  number = {3},
  pages = {306-312},
  year = {2011},
  doi = {10.1119/1.3535586},
  URL = { 
          https://doi.org/10.1119/1.3535586   
  }
}

@article{doi:10.1119/1.4902882,
  author = {Robinett, R.~W.~},
  title = {Dimensional analysis as the other language of physics},
  journal = {American Journal of Physics},
  volume = {83},
  number = {4},
  pages = {353-361},
  year = {2015},
  doi = {10.1119/1.4902882},
  URL = { 
          https://doi.org/10.1119/1.4902882   
  }
}

@article{doi:10.1119/1.1987069,
  author = {Evans,John H.~},
  title = {Dimensional Analysis and the Buckingham Pi Theorem},
  journal = {American Journal of Physics},
  volume = {40},
  number = {12},
  pages = {1815-1822},
  year = {1972},
  doi = {10.1119/1.1987069},
  URL = {https://doi.org/10.1119/1.1987069}
}

@misc{xkcd_2343, 
  title={Mathematical Symbol Fight}, 
  url={https://xkcd.com/2343/}, 
  journal={XKCD}, 
  author={Randall Munroe}, 
  year={2016}}

@book{holt2018einstein,
  title={When Einstein Walked with G{\"o}del: Excursions to the Edge of Thought},
  author={Holt, J.},
  isbn={9780374717841},
  year={2018},
  publisher={Farrar, Straus and Giroux}
}


@misc{Baez_Azimuth_2016, 
  title={Struggles with the Continuum (Part 6)}, 
  url={https://johncarlosbaez.wordpress.com/2016/09/21/struggles-with-the-continuum-part-6/}, 
  journal={Azimuth}, 
  author={John Baez}, 
  year={2016}}

@misc{3Blue1Brown_2022, 
  title={How to lie using visual proofs}, 
  url={https://youtu.be/VYQVlVoWoPY}, 
  journal={YouTube}, 
  author={3Blue1Brown}, 
  year={2022}}

@misc{pirsa_11110040,
            doi = {},
            url = {https://pirsa.org/11110040},
            author = {Bender, Carl},
            keywords = {Mathematical physics},
            title = {Mathematical Physics - Lecture 1},
            publisher = {Perimeter Institute},
            year = {2011},
            month = {nov}
          }
          

@book{TufteTvdq,
  title     = "The Visual Display of Quantitative Information",
  author    = "Edward R. Tufte",
  year      = 2001,
  publisher = "Graphics Press, Cheshire, Connecticut",
  ISBN      = {0-9613921-4-2}
}

@book{TufteEI,
  title     = "Envisioning Information",
  author    = "Edward R. Tufte",
  year      = 1990,
  publisher = "Graphics Press, Cheshire, Connecticut",
  ISBN      = {0-9613921-1-8}
}

@book{TufteVE,
  title     = "Visual Explanations",
  author    = "Edward R. Tufte",
  year      = 1997,
  publisher = "Graphics Press, Cheshire, Connecticut",
  ISBN      = {0-9613921-2-6}
}

@book{TufteBE,
  title     = "Beautiful Evidence",
  author    = "Edward R. Tufte",
  year      = 2006,
  publisher = "Graphics Press, Cheshire, Connecticut",
  ISBN      = {0-9613921-7-7}
}

@book{BringhurstEoTS,
  title     = "The Elements of Typographic Style",
  author    = "Robert Bringhurst",
  year      = 2002,
  publisher = "Hartley \& Marks Publishers",
  ISBN      = {978-0881791327},
}

@book{CarterABC,
  title     = "ABC for Book collectors",
  author    = "John Carter and Nicolas Barker",
  year      = "2004",
  publisher = "Oak Knoll Press and The British Library",
  ISBN      = "978-1584561125",
  pages     = {68},
}

@misc{Libertine,
  title     = "Libertine Fonts -- Libre multilingual font family",
  note      = "\url{http://libertine-fonts.org/}",
}

@book{StExupery,
  title     = "Terre des Hommes",
  author    = "Antoine de Saint-Exupéry",
  year      = "1939",
  publisher = "Gallimard",
  ISBN      = "2-07-025659-6",
}

@book{einstein1915allgemeinen,
  title     = {Zur allgemeinen relativitätstheorie},
  author    = {Einstein, Albert},
  year      = {1915},
  publisher = {Akademie der Wissenschaften, in Kommission bei W. de Gruyter},
}

@article{pkgSidenotes,
  journal   = {\textsc{ctan}, Comprehensive \TeX{} Archive Network},
  author    = {Andy Thomas},
  title     = {The \texttt{sidenotes} package},
  year      = {2020},
  note      = {\textsc{url} \url{http://ctan.org/pkg/sidenotes}},
}

@article{pkgGeometry,
  journal   = {\textsc{ctan}, Comprehensive \TeX{} Archive Network},
  author    = {Hideo Umeki},
  title     = {The \texttt{geometry} package},
  year      = {2020},
  note      = {\textsc{url} \url{http://ctan.org/pkg/geometry}},
}
